<?xml version="1.0" encoding="UTF-8"?><record xmlns="http://www.loc.gov/MARC21/slim" xmlns:cinclude="http://apache.org/cocoon/include/1.0" xmlns:zs="http://www.loc.gov/zing/srw/">
  <leader>00364cz  a2200133n  4500</leader>
  <controlfield tag="001">n  83131917 </controlfield>
  <controlfield tag="003">DLC</controlfield>
  <controlfield tag="005">20081231070133.0</controlfield>
  <controlfield tag="008">831110n| acannaabn          |n aaa      </controlfield>
  <datafield tag="010" ind1=" " ind2=" ">
    <subfield code="a">n  83131917 </subfield>
  </datafield>
  <datafield tag="035" ind1=" " ind2=" ">
    <subfield code="a">(OCoLC)oca00964816</subfield>
  </datafield>
  <datafield tag="040" ind1=" " ind2=" ">
    <subfield code="a">DLC</subfield>
    <subfield code="b">eng</subfield>
    <subfield code="c">DLC</subfield>
    <subfield code="d">OCoLC</subfield>
  </datafield>
  <datafield tag="100" ind1="1" ind2=" ">
    <subfield code="a">Lyon, Jim</subfield>
  </datafield>
  <datafield tag="670" ind1=" " ind2=" ">
    <subfield code="a">His Dome Petroleum, c1983:</subfield>
    <subfield code="b">t.p. (Jim Lyon) Can CIP (Lyon, Jim, 1935- )</subfield>
  </datafield>
</record>